<?xml version="1.0" encoding="UTF-8"?>
<collection xmlns:xsi="http://www.w3.org/2001/XMLSchema-instance" xsi:schemaLocation="http://www.loc.gov/MARC21/slim http://www.loc.gov/standards/marcxml/schema/MARC21slim.xsd" xmlns="http://www.loc.gov/MARC21/slim">
<record>
  <leader>00891cam a22002531  4500</leader>
  <controlfield tag="001">3072220</controlfield>
  <controlfield tag="003">NNC</controlfield>
  <controlfield tag="005">20150920222920.0</controlfield>
  <controlfield tag="008">010822s1930    ua            000 0 ara d</controlfield>
  <datafield tag="035" ind1=" " ind2=" ">
    <subfield code="a">(OCoLC)ocm47828523</subfield>
  </datafield>
  <datafield tag="035" ind1=" " ind2=" ">
    <subfield code="9">ATP5252CU</subfield>
  </datafield>
  <datafield tag="035" ind1=" " ind2=" ">
    <subfield code="a">(NNC)3072220</subfield>
  </datafield>
  <datafield tag="035" ind1=" " ind2=" ">
    <subfield code="a">3072220</subfield>
  </datafield>
  <datafield tag="040" ind1=" " ind2=" ">
    <subfield code="a">ZCU</subfield>
    <subfield code="c">ZCU</subfield>
  </datafield>
  <datafield tag="099" ind1=" " ind2=" ">
    <subfield code="a">893.7195</subfield>
    <subfield code="a">An86</subfield>
  </datafield>
  <datafield tag="100" ind1="1" ind2=" ">
    <subfield code="a">Anṭākī, Dāʼūd ibn ʻUmar,</subfield>
    <subfield code="d">-1599.</subfield>
  </datafield>
  <datafield tag="245" ind1="1" ind2="0">
    <subfield code="a">Tadhkirat ūlá al-albāb.</subfield>
  </datafield>
  <datafield tag="260" ind1=" " ind2=" ">
    <subfield code="a">Cario,</subfield>
    <subfield code="b">Maṭbaʻah al-Azharīyah,</subfield>
    <subfield code="c">1930.</subfield>
  </datafield>
  <datafield tag="300" ind1=" " ind2=" ">
    <subfield code="a">3 v. in 2.</subfield>
  </datafield>
  <datafield tag="500" ind1=" " ind2=" ">
    <subfield code="a">Fourth edition.</subfield>
  </datafield>
  <datafield tag="500" ind1=" " ind2=" ">
    <subfield code="a">The author's al-Nuzhah al-mūbqahhajah fī tashḥīdb al-adhhān wa-taʻdīl al-amzijah printed on the margin of each page.</subfield>
  </datafield>
  <datafield tag="650" ind1=" " ind2="0">
    <subfield code="a">Medicine, Arab.</subfield>
  </datafield>
  <datafield tag="700" ind1="1" ind2=" ">
    <subfield code="a">Anṭākī, Dāʼūd ibn ʻUmar,</subfield>
    <subfield code="d">-1599.</subfield>
    <subfield code="t">Nuzhah a-mubahhajah fī tashḥīdh al-ʼadhhān wa-taʻdīlal-amzijah.</subfield>
    <subfield code="f">1930.</subfield>
  </datafield>
  <datafield tag="955" ind1=" " ind2=" ">
    <subfield code="b">0315334074</subfield>
    <subfield code="d">glx</subfield>
    <subfield code="e">893.7195 An86</subfield>
    <subfield code="v">v.1</subfield>
  </datafield>
</record>
</collection>